@inbook{Cherubini2004,
    title = {Copula methods in finance},
    author = {Cherubini, U. and Vecchiato, W. and Luciano, E.},
    year = {2004},
    publisher = {Wiley},
    language = {english},
    hyphenation = {english}
}

@inbook{Lobanov2009,
    title = {Энциклопедия финансового риск-менеджмента},
    author = {Лобанов, А. А.  and Чугунов, А. В.},
    year = {2009},
    publisher = {Альпина Бизнес Букс},
    language = {russian},
    hyphenation = {russian}
}

@InProceedings{Masteika2012,
    author = {Saulius, Masteika and Aleksandras V. Rutkauskas and Janes Andrea Alexander},
    title = {Continuous futures data series for back testing and technical analysis},
    booktitle = {International Conference on Economics, Business and Marketing Management, vol. 29},
    year = 2012,
    publisher = {IACSIT Press, Singapore},
    pages = {265--269},
    language = {english},
    hyphenation = {english}
}

@article{Antonov2016,
    title = {Прогнозирование курсов валют на основе копулярных моделей},
    journal = {Бизнес. Образование. Право. Вестник Волгоградского института бизнеса},
    volume = 34,
    number = 1,
    pages = {158--164},
    year = 2016,
    author = {Антонов, И. Н.},
    language = {russian},
    hyphenation = {russian}
}

@article{Atskanov2016,
    title = "Применение GAS-копул для оптимизации инвестиционного портфеля акций российских компаний",
    journal = "Финансы и кредит",
    volume = "32",
    number = "{}",
    pages = "25--37",
    year = "2016",
    author = "Ацканов, И. А.",
    language = {russian},
    hyphenation = {russian}
}

@article{Knyazev2016,
    title = "Совместное распределение биржевых индексов: методологические аспекты построения и выбора копулярных моделей",
    journal = "Прикладная эконометрика",
    volume = "42",
    number = "2",
    pages = "30--53",
    year = "2016",
    author = "Князев, А. Г. and Лепёхин, О. А. and Шемякин, А. Е.",
    language = {russian},
    hyphenation = {russian}
}

@article{Fantazzini2011,
    title = "Моделирование многомерных распределений с использованием копула-функций. I",
    journal = "Прикладная эконометрика",
    volume = "22",
    number = "2",
    pages = "98--134",
    year = "2011",
    author = "Фантаццини, Д.",
    language = {russian},
    hyphenation = {russian}
}


@article{Sundaresan2011,
    title = {Copula-Based Fusion of Correlated Decisions},
    journal = {IEEE Transactions on Aerospace and Electronic Systems},
    volume = 47,
    number = 1,
    pages = {454--471},
    year = 2011,
    author = {A. Sundaresan and P. K. Varshney and S. V. Rao Nageswara},
    language = {english},
    hyphenation = {english}
}


@inbook{Shemyakin2017,
    title = {Introduction to Bayesian Estimation and Copula Models of Dependence. Statistical Dependence Structures},
    author = {Shemyakin, Arkady and Kniazev, Alexander},
    year = {2017},
    pages = {159--194},
    publisher = {Wiley},
    language = {english},
    hyphenation = {english}
}

@article{Blago2012,
    title = "Основные элементы теории копул",
    journal = "Прикладная эконометрика",
    volume = "26",
    number = "2",
    pages = "113--130",
    year = "2012",
    author = "Благовещенский, Ю.Н.",
    language = {russian},
    hyphenation = {russian}
}

@article{Travkin2013,
    title = "Конструкции из парных копул в задаче формирования портфеля акций",
    journal = "Прикладная эконометрика",
    volume = "32",
    number = "4",
    pages = "110--133",
    year = "2013",
    author = "Травкин, А. И.",
    language = {russian},
    hyphenation = {russian}
}

@article{Penikas2014,
    title = "Иерархические копулы в моделировании рисков инвестиционного портфеля",
    journal = "Прикладная эконометрика",
    volume = "35",
    number = "3",
    pages = "18--38",
    year = "2014",
    author = "Пеникас, Г.И.",
    language = {russian},
    hyphenation = {russian}
}

@techreport{EBA2015,
    TITLE = {Final Draft RTS on AMA Assessment for Operational Risk},
    PAGES = {1-98},
    YEAR = {2015},
    MONTH = Jun,
    author = "{European Banking Authority}",
    PUBLISHER = "{European Banking Authority}",
    INSTITUTION = "{European Banking Authority}",
    URL={https://www.eba.europa.eu/documents/10180/1100516/EBA-RTS-2015-02+RTS+on+AMA+assesment.pdf},
    language = {english},
    hyphenation = {english}
}

@article{Kole2007,
    title = {Selecting copulas for risk management},
    journal = {Journal of Banking \& Finance},
    volume = "31",
    number = "8",
    pages = {2405--2423},
    year = "2007",
    note = "",
    author = {Kole, Erik  and Koedijk, Kees  and Verbeek, Marno },
    language = {english},
    hyphenation = {english}
}


@book{Nelsen1999,
    address   = {New York},
    author    = {Nelsen, R.B.},
    publisher = {Springer},
    title     = {An Introduction to Copulas. Lecture Notes in Statistics},
    year      = {1999},
    language = {english},
    hyphenation = {english}
}


@article{Kritski2007,
    title   = {Определение многомерного финансового риска портфеля
акций},
    author  = {Крицкий, О.Л and Ульянова, М.К.},
    journal = {Прикладная эконометрика},
    year    = {2007},
    volume = {4},
    number = {8},
    pages   = {3-17},
    language = {russian},
    hyphenation = {russian}
}


@book{Huynh2014,
    title =     {Modeling Dependence in Econometrics: Selected Papers of the Seventh International Conference of the Thailand Econometric Society, Faculty of Economics, Chiang Mai University, Thailand, January 8-10, 2014},
    author =    {Huynh, Van-Nam and Kreinovich, Vladik and Sriboonchitta, Songsak},
    publisher = {Springer International Publishing},
    year =      {2014},
    series =    {Advances in Intelligent Systems and Computing 251},
    edition =   {1},
    language = {english},
    hyphenation = {english}
}
 


@article{Cooke2015,
    title   = {Sampling, conditionalizing, counting, merging, searching regular vines},
    author  = {Cooke, R.M. and Kurowicka, D. and Wilson, K.},
    publisher   = {Elsevier Science},
    journal = {Journal of Multivariate Analysis},
    year    = {2015},
    volume = {138},
    pages   = {4-18},
    language = {english},
    hyphenation = {english}
}

@article{Zhao2008,
    author  = "Yonggan Zhao and William T. Ziemba",
    title   = "Calculating risk neutral probabilities and optimal portfolio policies in a dynamic investment model with downside risk control ",
    journal = "European Journal of Operational Research",
    volume  = "185",
    number  = "3",
    pages   = "1525-1540",
    year    = "2008",
    language = {english},
    hyphenation = {english}
}

@book{Rachev2005,
    address              = {New Jersey},
    author               = {Rachev, Svetlozar T. and Menn, Christia and Fabozzi, Frank J.},
    pages                = {369},
    publisher            = {John Wiley \& Sons},
    title                = {Fat-Tailed and Skewed Asset Return Distributions: Implications for Risk Management, Portfolio Selection, and Option Pricing},
    year                 = {2005},
    language = {english},
    hyphenation = {english}
}

@article{Klaassen2002,
    author               = {Klaassen, Pieter},
    journal              = {Management Science},
    number               = {11},
    pages                = {1512-1516},
    publisher            = {INFORMS},
    title                = {Comment on <<Generating Scenario Trees for Multistage Decision Problems>>},
    volume               = {48},
    year                 = {2002},
    language = {english},
    hyphenation = {english}
}

@article{Lourme2016,
    author               = {Lourme, Alexandre  and  Maurer, Frantz},
    journal              = {Economic Modelling},
    title                = {Testing the {G}aussian and {S}tudent's t copulas in a risk management framework},
    year                 = {2016},
    url                  = {http://dx.doi.org/10.1016/j.econmod.2016.12.014},
    language = {english},
    hyphenation = {english}
}

@article{Hormann2004,
    author               = {Hormann, W. and Leydold, J. and Derflinger, G.},
    publisher            = {Springer-Verlag, Berlin Heidelberg.},
    title                = {Automatic Nonuniform Random Variate Generation},
    year                 = {2004},
    language = {english},
    hyphenation = {english}
}

@book{Joe2014,
    author               = {Joe, H.},
    pages                = {458},
    publisher            = {Taylor \& Francis Group},
    title                = {Dependence modeling with copulas},
    year                 = {2014},
    language = {english},
    hyphenation = {english}
}

@article{Dissmann2013,
    author               = {Di{\ss}mann, J.F. and Brechmann, E.C. and Czado, C. and Kurowicka, D.},
    journal            = {Computational Statistics \& Data Analysis},
    title                = {Selecting and estimating regular vine copulae and application to financial returns},
    year                 = {2013},
    volume = 59,
    number = 1,
    pages = {52-69},
    language = {english},
    hyphenation = {english}
}

@article{Sklar1959,
    author             = {Sklar, A.},
    journal            = {Universite de Paris},
    title              = {Fonctions de Repartion A N Dimension Et Leurs Marges},
    year               = {1959},
    volume             = {8},
    pages              = {229-231},
    language = {english},
    hyphenation = {english}
}

@article{Stoyanov2013,
    author             = {Stoyanov, S.V. and Rachev, S.T. and Fabozzi, F.J.},
    journal            = {Journal of Banking \& Finance},
    title              = "{CVaR} sensitivity with respect to tail thickness",
    year               = {2013},
    number             = 3,
    volume = 37,
    pages = {977--988},
    language = {english},
    hyphenation = {english}
}

@phdthesis{Xu2008,
    address              = {New Zealand, Auckland},
    author               = {Xu, Qing},
    numpages             = {182},
    school               = {Massey University},
    title                = {Estimating and Evaluating the Archimedean-Copula-Based Models in Financial Risk Management},
    type                 = {Dissertation Thesis},
    year                 = {2008},
    language = {english},
    hyphenation = {english}
}


@article{Hansen2005,
    author             = {Hansen, P.R.},
    journal            = {Journal of Business and Economic Statistics},
    title              = {A test for superior predictive ability},
    year               = {2005},
    volume             = 23,
    pages              = {365-380},
    language = {english},
    hyphenation = {english}
}


@article{Chen2006,
    author             = {Chen, X. and Fan, Y.},
    journal            = {Journal of Econometrics},
    title              = {Estimation of copula-based semiparametric time series models},
    year               = {2006},
    volume             = 130,
    pages              = {307-335},
    language = {english},
    hyphenation = {english}
}

@article{Fermanian2003,
    author             = {Fermanian, J.D. and Scaillet, O. },
    journal            = {Journal of Risk},
    title              = {Nonparametric estimation of copulas for time series},
    year               = {2003},
    volume             = 5,
    number             = 4,
    pages              = {25-54},
    language = {english},
    hyphenation = {english}
}

@article{Patton2006,
    author             = {Patton, A.J.},
    journal            = {International Econometric Review},
    title              = {Modeling asymmetric exchange rate dependence},
    year               = {2006},
    volume             = 47,
    pages              = {527-556},
    language = {english},
    hyphenation = {english}
}

@book{Joe1997,
    author               = {Joe, H.},
    publisher            = {Chapman \& Hall, London},
    title                = {Multivariate Models and Dependence Concepts},
    year                 = {1997},
    language = {english},
    hyphenation = {english}
}
 
@article{Brechmann2013,
    author             = {Brechmann, Eike Christian and Schepsmeier, Ulf},
    journal            = {Journal of Statistical Software},
    title              = "Modeling Dependence with {C-} and {D-V}ine Copulas: The {R} Package {CDV}ine",
    year               = {2013},
    volume             = 52,
    number = 3,
    pages              = {527--556},
    language = {english},
    hyphenation = {english}
}

@inbook{Joe1996,
    author         = {H. Joe},
    pages          = {212--248},
    title          = {Families of m-Variate Distributions with Given Margins and {\mbox{m(m-1)/2}} Bivariate Dependence Parameters, Distributions with Fixed Marginals and Related Topics},
    publisher      = {Institute of Mathematical Statistics},
    address        = {Hayward},
    year           = {1996},
    language = {english},
    hyphenation = {english}
}
%  editor         = {Ruschendorf, L. and B Schweizer, B. and Taylor, M.D.},
 
@article{Penikas2010,
    title                = {Financial Applications of Copula-Models},
    author               = {Penikas, H.},
    year                 = {2010},
    journal              = {Journal of the New Economic Association},
    volume               = {7},
    pages                = {24-44},
    language = {english},
    hyphenation = {english}
}

@article{Kim2007,
    title = {Comparison of Semiparametric and Parametric Methods for Estimating Copulas},
    author = {Kim, G. and Silvapulle, M. and Silvapulle, P.},
    year = {2007},
    journal = {Computational Statistics \& Data Analysis},
    volume = {51},
    pages = {2836-2850},
    language = {english},
    hyphenation = {english}
}

@article{Ane2003,
    title = {Dependence Structure and Risk Measure},
    author = {An\'e, Th. and Kharoubi, C.},
    year = {2003},
    journal = {Journal of Business},
    volume = {76},
    number = {3},
    pages = {411-438},
    language = {english},
    hyphenation = {english}
}

@book{Mye2003,
    author = {Myers, J. L. and Well, Arnold D.},
    title = {Research Design and Statistical Analysis (2nd ed.)},
    pages = {508},
    publisher = {Lawrence Erlbaum},
    year = {2003},
    language = {english},
    hyphenation = {english}
}
 
@book{Kendall1970,
    author     = {Kendall, M. G.},
    title      = {Rank Correlation Methods},
    publisher  = {Griffin},
    address     = {London},
    year       = {1970},
    language = {english},
    hyphenation = {english}
}

@article{Json1949,
    title   = {Systems of frequency curves generated by methods of translation},
    author  = {Johnson, N. L.},
    journal = {Biometrika},
    year    = {1949},
    volume = {36},
    pages   = {149–176},
    language = {english},
    hyphenation = {english}
}

@article{Limp2011,
    title   = {Problems with Using the Normal Distribution -- and Ways to Improve Quality and Efficiency of Data Analysis},
    author  = {Limpert, E. and Stahel, W. A.},
    journal = {PLoS ONE},
    year    = {2011},
    volume = {6},
    number = {7},
    pages   = {1-8},
    language = {english},
    hyphenation = {english}
}

@book{Wilmott2007,
    title     = {Frequently Asked Questions in Quantitative Finance},
    author    = {Wilmott, P.},
    publisher = {John Wiley \& Sons, Ltd},
    year      = {2007},
    pages     = {201-205},
    language = {english},
    hyphenation = {english}
}

@article{Barndoff1983,
    title   = {Hyperbolic distributions}, 
    journal = {Encyclopedia of Statistical Sciences},
    author  = {Barndorff-Nielsen, O. and Bl{\ae}sild, P.},
    year    = {1983},
    volume  = {3},
    pages   = {700-707},
    language = {english},
    hyphenation = {english}
}

@book{Nolan2009,
    title   = {Stable Distributions -- Models for Heavy Tailed Data},
    author  = {Nolan, J. P.},
    publisher = {Birkhauser},
    year    = {2009},
    address  = {Boston},
    language = {english},
    hyphenation = {english}
}

@techreport{Schoutens2001,
    title = {The Meixner Processes in Finance. Eurandom Report},
    type = {Eurandom Report},
    author = {Schoutens, W.},
    year = {2001},
    number = {002},
    address = {Eindhoven, Netherlands},
    language = {english},
    hyphenation = {english}
}

@techreport{Schoutens2002,
    author = {Schoutens, W.},
    title = {Meixner Processes: Theory and Applications in Finance},
    year = 2002,
    type = {Eurandom Report},
    number = {2002-004},
    institution = {Eindhoven},
    address = {Eindhoven, Netherlands},
    language = {english},
    hyphenation = {english}
}

@book{Bessel1824,
    author = {Bessel, F.},
    title = {Untersuchung des Theils der planetarischen Störungen},
    year = 1824,
    publisher = {Berlin Abhandlungen},
    language = {english},
    hyphenation = {english}
    }

@article{Cramer1928,
    title = {On the Composition of Elementary Errors},
    author = {Cram\'er, H. and von Mises, R. E.},
    year = 1928,
    journal = {Scandinavian Actuarial Journal},
    number = 1,
    pages = {13-74},
    language = {english},
    hyphenation = {english}
    }

@misc{Copula,
    author = {Hofert, M. and Kojadinovic, I. and Maechler, M. and Yan, J.},
    title = {Copula: Multivariate Dependence with Copulas},
    year = 2017,
    url = {https://cran.r-project.org/package=copula},
    language = {english},
    hyphenation = {english}
    }

@article{Koj2010,
    author = {Kojadinovic, I. and Yan, J.},
    title = {Comparison of three semiparametric methods for estimating dependence parameters in copula models},
    journal = {Insurance: Mathematics and Economics},
    volume = 47,
    pages = {52–63},
    year = 2010,
    language = {english},
    hyphenation = {english}
    }

@article{Gen2009,
    author = {Genest, C. and R\'emillard, B. and Beaudoin, D.},
    title = {Goodness-of-fit tests for copulas: A review and a power study},
    journal = {Insurance: Mathematics and Economics},
    volume = 44,
    pages = {199--214},
    year = 2009,
    language = {english},
    hyphenation = {english}
    }

@misc{Klup2017,
    title = {Vine Copula Models},
    author = {Kl{\"u}ppelberg, C. and Czado, C.},
    url = {http://www.statistics.ma.tum.de/en/research/vine-copula-models},
    year = 2017,
    language = {english},
    hyphenation = {english}
    }

@phdthesis{Bel2010,
    title = {Selecting pair-copula families for regular vines with application to the multivariate analysis of European stock market indices},
    author = {Belgorodski, N.},
    type = {Diploma thesis},
    school  = {Technische Universitaet Muenchen},
    year = 2010,
    url = {http://mediatum.ub.tum.de/?id=1079284},
    language = {english},
    hyphenation = {english}
    }

@article{Clarke2007,
    title = {A Simple Distribution-Free Test for Nonnested Model Selection},
    author = {Clarke, K.A.},
    journal = {Political Analysis},
    volume = 15,
    pages = {347–363},
    year = 2007,
    language = {english},
    hyphenation = {english}
    }

@article{Vuong1989,
    author = {Vuong, Q. H.},
    title = {Ratio tests for model selection and non-nested hypotheses},
    journal = {Econometrica},
    volume = 57,
    number = 2,
    year = 1989,
    pages = {307–333},
    language = {english},
    hyphenation = {english}
    }

@techreport{Emb2001,
    author = {Embrechts, Paul  and Lindskog, Filip  and McNeil, Alexander },
    title = {Modelling Dependence with Copulas and Applications to Risk Management},
    year = 2001,
    institution = {Z{\"u}rich, Switzerland},
    language = {english},
    hyphenation = {english}
    }

@article{Bedfort2002,
    author = {Bedford, T. and Cooke, R.M.},
    title = {Vines -- a new graphical model for dependent random variables},
    journal = {Annals of Statistics},
    year = 2002,
    volume = 30,
    number = 4,
    pages = {1031–1068},
    language = {english},
    hyphenation = {english}
    }

@book{Diestel2005,
    author = {Diestel, R.},
    title = {Graph Theory (Graduate Texts in Mathematics)},
    year = 2005,
    publisher = {Springer},
    language = {english},
    hyphenation = {english}
    }

@inbook{Czado2010,
    author = {Czado, C.},
    title = {Pair-copula constructions of multivariate copulas},
    booktitle = {Copula theory and its applications},
    publisher = {Springer},
    year = 2010,
    pages = {93–109},
    language = {english},
    hyphenation = {english}
    }

@article{White1982,
    author = {White, H.},
    title = {Maximum likelihood estimation of misspecified models},
    journal = {Econometrica},
    year = 1982,
    volume = 50,
    pages = {1–26},
    language = {english},
    hyphenation = {english}
    }

@article{Schep15,
    author = {Schepsmeier, U.},
    title = {Efficient information based goodness-of-fit tests for vine copula models with fixed margins},
    journal = {Journal of Multivariate Analysis},
    year = 2015,
    volume = 138,
    pages = {34–52},
    language = {english},
    hyphenation = {english}
    }

@article{Huang11,
    title = {A goodness-of-fit test for copulas},
    author = {Huang, W. and Prokhorov, A.},
    journal = {Econometric Reviews},
    year = 2014,
    pages = {751--771},
    volume = 33,
    number = 7,
    language = {english},
    hyphenation = {english}
    }
    

@article{Rock2000,
    author = {Rockafellar, R. Tyrrell and Uryasev, Stanislav},
    title = {Optimization of conditional value-at-risk},
    journal = {Journal of Risk},
    year = 2000,
    volume = 2,
    number = 3,
    pages = {21-–41},
    language = {english},
    hyphenation = {english}
    }

@techreport{wnc04,
    author = {Wei Ning Cho},
    title = {Robust Portfolio Optimization Using Conditional Value At Risk},
    year = 2008,
    type = {Final Report},
    institution = {Imperial College London},
    publisher = {Department of Computing},
    language = {english},
    hyphenation = {english}
    }

@article{Kupiec95,
    author = {Paul H. Kupiec},
    title = {Techniques for verifying the accuracy of risk measurement models},
    year = 1995,
    journal = {Journal of Derivatives},
    volume = 3,
    number = 2,
    pages = {73--84},
    language = {english},
    hyphenation = {english}
    }

@article{Box1949,
    title = "A general distribution theory for a class of likelihood criteria",
    journal = "Biometrika",
    volume = "36",
    pages = "317-–346",
    year = "1949",
    author = "Box, G.E.P.",
    language = {english},
    hyphenation = {english}
}


@article{Nikoloulopoulos2012,
    title = "Vine copulas with asymmetric tail dependence and applications to financial return data",
    journal = "Computational Statistics \& Data Analysis",
    volume = "56",
    number = "11",
    pages = "3659--3673",
    year = "2012",
    author = "Nikoloulopoulos, Aristidis K. and  Joe, Harry and Li, Haijun",
    language = {english},
    hyphenation = {english}
}

@article{Pourkhanali2016,
    title	= {Measuring systemic risk using vine-copula},
    author	= {Pourkhanali, Armin and Kim, Jong-Min and Tafakori, Laleh and Fard, Farzad Alavi},
    publisher	= {Elsevier Science},
    journal	= {Economic Modelling},
    year	= {2016},
    volume	= {53},
    page	= {63--74},
    doi     = {http://dx.doi.org/10.1016/j.econmod.2015.11.010},
    language = {english},
    hyphenation = {english}
}

@article{Broda2017,
    title = "Approximating Expected Shortfall for Heavy-Tailed Distributions",
    journal = "Econometrics and Statistics",
    year = "2017",
    author = {Simon A. Broda and Jochen Krause and Marc S. Paolella"},
    language = {english},
    hyphenation = {english}
}

@book{Bzd2007,
    title = {Безопасность жизнедеятельности: Учебник для вузов},
    author = {С. В. Белов and А. В. Ильницкая and А. Ф. Козьяков},
    publisher = {М.: Высш.шк.},
    year = 2007,
    language = {russian},
    hyphenation = {russian}
}

@misc{Osah2016,
    key = {ГОСТ.12.0.004},
    title = {ГОСТ 12.0.004-2015 Система стандартов безопасности труда (ССБТ). Организация обучения безопасности труда. Общие положения},
    address = {М.: Стандартинформ},
    year = 2016,
    language = {russian},
    hyphenation = {russian}
}

@misc{Dahf2016,
    key = {ГОСТ.12.0.003},
    title = {ГОСТ 12.0.003-2015 Система стандартов безопасности труда (ССБТ). Опасные и вредные производственные факторы. Классификация},
    address = {М.: Стандартинформ},
    year = 2016,
    language = {russian},
    hyphenation = {russian}
}

@misc{Gost2001,
    key = {ГОСТ.12.1.013},
    title = {ГОСТ 12.1.013-78 Система стандартов безопасности труда (ССБТ). Строительство. Электробезопасность. Общие требования},
    address = {М.: ИПК Издательство стандартов},
    year = 2001,
    language = {russian},
    hyphenation = {russian}
}

@misc{Gost1983,
    key = {ГОСТ 12.1.038-82},
    title = {ГОСТ 12.1.038-82 Система стандартов безопасности труда (ССБТ). Электробезопасность. Предельно допустимые значения напряжений прикосновения и токов},
    address = {М.: ИПК Издательство стандартов},
    year = 1983,
    language = {russian},
    hyphenation = {russian}
}

@misc{SanPin2003,
    key = {СанПиН.2.2.2},
    title = {СанПиН 2.2.2/2.4.1340-03 Гигиенические требования к персональным электронно-вычислительным машинам и организации работы},
    address = {М.: Минздрав России},
    year = 2003,
    language = {russian},
    hyphenation = {russian}
}

@misc{Gost2002,
    key = {ГОСТ.12.1.003},
    title = {ГОСТ 12.1.003-83 Система стандартов безопасности труда (ССБТ). Шум. Общие требования безопасности},
    address = {М.: ИПК Издательство стандартов},
    year = 2002,
    language = {russian},
    hyphenation = {russian}
}

@misc{SanPin2002,
    key = {СанПиН.2.2.4-2002},
    title = {СанПиН 2.2.4/2.1.8.10-32-2002 Шум на рабочих местах, в помещениях жилых, общественных зданий и на территории жилой застройки},
    address = {М.: Минздрав России},
    year = 2002,
    language = {russian},
    hyphenation = {russian}
}

@misc{SanPin1997,
    key = {СанПиН.2.2.4-1997},
    title = {СанПиН 2.2.4.548-96 Гигиенические требования к микроклимату производственных помещений},
    address = {М.: Минздрав России},
    year = 1997,
    language = {russian},
    hyphenation = {russian}
}

@manual{Snip2003,
    key = {СНиП},
    title = {СНиП 23-05-95 Естественное и искусственное освещение},
    address = {М.: Госстрой России, ГУП ЦПП},
    year = 2003,
    language = {russian},
    hyphenation = {russian}
}

@misc{Gost1992,
    key = {ГОСТ 12.1.004-91},
    title = {ГОСТ 12.1.004-91 Система стандартов безопасности труда (ССБТ). Пожарная безопасность. Общие требования},
    address = {М.: Стандартинформ},
    year = 1992,
    language = {russian},
    hyphenation = {russian}
}

@misc{Gost1976,
    key = {ГОСТ 12.1.010-76},
    title = {ГОСТ 12.1.010-76 Система стандартов безопасности труда (ССБТ). Взрывобезопасность. Общие требования},
    address = {М.: ИПК Издательство стандартов},
    year = 1976,
    language = {russian},
    hyphenation = {russian}
}

@manual{Pue2003,
    key = {Правила устрйоства электроустановок},
    title = {Правила устройства электроустановок. Издание седьмое},
    address = {М.: ЗАО <<Энергосервис>>},
    year = 2003,
    language = {russian},
    hyphenation = {russian}
}

@article{Hyndman96,
    author = {R. J. Hyndman and Y. Fan},
    title = {Sample quantiles in statistical packages},
    year = 1996,
    journal = {American Statistician},
    volume = 50,
    pages = {361--365},
    language = {english},
    hyphenation = {english}
}

@mastersthesis{Mirtes16,
    title = {Statistical tests for VaR and CVaR},
    author = {Luk{\'a}{\v{s}} Mirtes},
    school = {Charles University},
    address = {Prague},
    year = 2016,
    language = {english},
    hyphenation = {english}
}