@article{Broda2017,
    title = "Approximating Expected Shortfall for Heavy-Tailed Distributions",
    journal = "Econometrics and Statistics",
    volume = "",
    number = "",
    pages = "",
    year = "2017",
    author = "Simon A. Broda and Jochen Krause and Marc S. Paolella",
}

@techreport{EBA2015,
   TITLE = "{Final Draft RTS on AMA Assessment for Operational Risk}",
   PAGES = {1-98},
   YEAR = {2015},
   MONTH = {June},
   author = "{European Banking Authority}",
   PUBLISHER = "{European Banking Authority}",
   INSTITUTION = "{European Banking Authority}",
   URL={https://www.eba.europa.eu/documents/10180/1100516/EBA-RTS-2015-02+RTS+on+AMA+assesment.pdf}
}

@article{Kole2007,
    title = {Selecting copulas for risk management},
    journal = {Journal of Banking \& Finance},
    volume = "31",
    number = "8",
    pages = {2405--2423},
    year = "2007",
    note = "",
    author = {Kole, Erik  and Koedijk, Kees  and Verbeek, Marno },
}


@book{Nelsen1999,
    address              = {New York},
    author               = {Nelsen, R.B.},
    publisher            = {Springer},
    title                = {An Introduction to Copulas. Lecture Notes in Statistics},
    year                 = {1999},
}


@article{Kritski2007,
    title   = {Assessment of Multivariate Financial Risks of a Stock Share Portfolio},
    author  = {Kritski, Oleg and Ulyanova, Marina},
    journal = {Applied Econometrics},
    year    = {2007},
    volume = {4},
    number = {8},
    pages   = {3-17},
    language = {Russian}
}


@book{Huynh2014,
    title =     {Modeling Dependence in Econometrics: Selected Papers of the Seventh International Conference of the Thailand Econometric Society, Faculty of Economics, Chiang Mai University, Thailand, January 8-10, 2014},
    author =    {Huynh, Van-Nam and Kreinovich, Vladik and Sriboonchitta, Songsak},
    publisher = {Springer International Publishing},
    year =      {2014},
    series =    {Advances in Intelligent Systems and Computing 251},
    edition =   {1},
    volume =    {}
}
 


@article{Cooke2015,
    title   = {Sampling, conditionalizing, counting, merging, searching regular vines},
    author  = {Cooke, R.M. and Kurowicka, D. and Wilson, K.},
    publisher   = {Elsevier Science},
    journal = {Journal of Multivariate Analysis},
    year    = {2015},
    volume = {138},
    pages   = {4-18}
}

@article{Zhao2008,
    author  = "Yonggan Zhao and William T. Ziemba",
    title   = "Calculating risk neutral probabilities and optimal portfolio policies in a dynamic investment model with downside risk control ",
    journal = "European Journal of Operational Research",
    volume  = "185",
    number  = "3",
    pages   = "1525-1540",
    year    = "2008"
}

@book{Rachev2005,
    address              = {Hew Jersey},
    author               = {Rachev, Svetlozar T. and Menn, Christia and Fabozzi, Frank J.},
    pages                = {369},
    publisher            = {John Wiley \& Sons},
    title                = {Fat-Tailed and Skewed Asset Return Distributions: Implications for Risk Management, Portfolio Selection, and Option Pricing},
    year                 = {2005},
}

@article{Klaassen2002,
    author               = {Klaassen, Pieter},
    journal              = {Management Science},
    number               = {11},
    pages                = {1512-1516},
    publisher            = {INFORMS},
    title                = {Comment on �Generating Scenario Trees for Multistage Decision Problems�},
    volume               = {48},
    year                 = {2002},
}

@article{Lourme2016,
 author               = {Lourme, Alexandre  and  Maurer, Frantz},
 journal              = {Economic Modelling},
 title                = {Testing the {G}aussian and {S}tudent's t copulas in a risk management framework},
 year                 = {2016},
 url                  = {http://dx.doi.org/10.1016/j.econmod.2016.12.014}
 }

@article{Hormann2004,
 author               = {Hormann, W. and Leydold, J. and Derflinger, G.},
 publisher            = {Springer-Verlag, Berlin Heidelberg.},
 title                = {Automatic Nonuniform Random Variate Generation},
 year                 = {2004}
 }

@book{Joe2014,
 author               = {Joe, H.},
 pages                = {458},
 publisher            = {Taylor \& Francis Group},
 title                = {Dependence modeling with copulas},
 year                 = {2014},
 }

@article{Dissmann2013,
 author               = {Di{\ss}mann, J.F. and Brechmann, E.C. and Czado, C. and Kurowicka, D.},
 journal            = {Computational Statistics \& Data Analysis},
 title                = {Selecting and estimating regular vine copulae and application to financial returns},
 year                 = {2013},
 volume = 59,
 number = 1,
 pages = {52-69}
 }

@article{Sklar1959,
 author             = {Sklar, A.},
 journal            = {Universite de Paris},
 title              = {Fonctions de Repartion A N Dimension Et Leurs Marges},
 year               = {1959},
 volume             = {8},
 pages              = {229-231}
 }

@article{Stoyanov2013,
 author             = {Stoyanov, S.V. and Rachev, S.T. and Fabozzi, F.J.},
 journal            = {Journal of Banking \& Finance},
 title              = "{CVaR} sensitivity with respect to tail thickness",
 year               = {2013},
 number             = 3,
 volume = 37,
 pages = {977--988}
}

@phdthesis{Xu2008,
 address              = {New Zealand, Auckland},
 author               = {Xu, Qing},
 numpages             = {182},
 school               = {Massey University},
 title                = {Estimating and Evaluating the Archimedean-Copula-Based Models in Financial Risk Management},
 type                 = {Dissertation Thesis},
 year                 = {2008}
 }


@article{Hansen2005,
 author             = {Hansen, P.R.},
 journal            = {Journal of Business and Economic Statistics},
 title              = {A test for superior predictive ability},
 year               = {2005},
 volume             = 23,
 pages              = {365-380}
}


@article{Chen2006,
 author             = {Chen, X. and Fan, Y.},
 journal            = {Journal of Econometrics},
 title              = {Estimation of copula-based semiparametric time series models},
 year               = {2006},
 volume             = 130,
 pages              = {307-335}
}

@article{Fermanian2003,
 author             = {Fermanian, J.D. and Scaillet, O. },
 journal            = {Journal of Risk},
 title              = {Nonparametric estimation of copulas for time series},
 year               = {2003},
 volume             = 5,
 number             = 4,
 pages              = {25-54}
}

@article{Patton2006,
 author             = {Patton, A.J.},
 journal            = {International Econometric Review},
 title              = {Modeling asymmetric exchange rate dependence},
 year               = {2006},
 volume             = 47,
 pages              = {527--556}
}

@book{Joe1997,
 author               = {Joe, H.},
 publisher            = {Chapman \& Hall, London},
 title                = {Multivariate Models and Dependence Concepts},
 year                 = {1997},
 }
 
 @article{Brechmann2013,
 author             = {Brechmann, Eike Christian and Schepsmeier, Ulf},
 journal            = {Journal of Statistical Software},
 title              = "Modeling Dependence with {C-} and {D-V}ine Copulas: The {R} Package {CDV}ine",
 year               = {2013},
 volume             = 52,
 number = 3,
 pages              = {527--556}
}

@inbook{Joe1996,
 author         = {H. Joe},
 pages          = {212--248},
 title          = {"Families of m-Variate Distributions with Given Margins and m(m-1)/2 Bivariate Dependence Parameters", Distributions with Fixed Marginals and Related Topics},
 publisher      = {Institute of Mathematical Statistics},
 address        = {Hayward},
 year           = {1996},
 }
%  editor         = {Ruschendorf, L. and B Schweizer, B. and Taylor, M.D.},
 
@article{Penikas2010,
title                = {Financial Applications of Copula-Models},
author               = {Penikas, H.},
year                 = {2010},
journal              = {Journal of the New Economic Association},
volume               = {7},
pages                = {24-44}
}

@article{Kim2007,
title                = {Comparison of Semiparametric and Parametric Methods for Estimating Copulas},
author               = {Kim, G. and Silvapulle, M. and Silvapulle, P.},
year                 = {2007},
journal              = {Computational Statistics \& Data Analysis},
volume               = {51},
pages                = {2836-2850}
}

@article{Ane2003,
title                = {Dependence Structure and Risk Measure},
author               = {An\'e, Th. and Kharoubi, C.},
year                 = {2003},
journal              = {Journal 
of Business},
volume = {76},
number               = {3},
pages                = {411-438}
}

@book{Mye2003,
 author    = {Myers, J. L. and Well, Arnold D.},
 title     = {Research Design and Statistical Analysis (2nd ed.)},
 pages     = {508},
 publisher = {Lawrence Erlbaum},
 year      = {2003},
 ISBN      = {0-8058-4037-0}
 }
 
@book{Kendall1970,
 author     = {Kendall, M. G.},
 title      = {Rank Correlation Methods},
 publisher  = {Griffin},
 adress     = {London},
 year       = {1970},
 ISBN       = {0-85264-199-0}
}

@article{Json1949,
title   = {Systems of frequency curves generated by methods of translation},
author  = {Johnson, N. L.},
journal = {Biometrika},
year    = {1949},
volume = {36},
pages   = {149–176}
}

@article{Limp2011,
title   = {Problems with Using the Normal Distribution -- and Ways to Improve Quality and Efficiency of Data Analysis},
author  = {Limpert, E. and Stahel, W. A.},
journal = {PLoS ONE},
year    = {2011},
volume = {6},
number = {7},
pages   = {1-8}
}

@book{Wilmott2007,
title     = {Frequently Asked Questions in Quantitative Finance},
author    = {Wilmott, P.},
publisher = {John Wiley \& Sons, Ltd},
year      = {2007},
pages     = {201-205}
}

@article{Barndoff1983,
title   = {Hyperbolic distributions}, 
journal = {Encyclopedia of Statistical Sciences},
author  = {Barndorff-Nielsen, O. and Bl{\ae}sild, P.},
year    = {1983},
volume  = {3},
pages   = {700-707}
}

@book{Nolan2009,
title   = {Stable Distributions -- Models for Heavy Tailed Data},
author  = {Nolan, J. P.},
publisher = {Birkhauser},
year    = {2009},
address  = {Boston}
}

@techreport{Schoutens2001,
    title = {The Meixner Processes in Finance. Eurandom Report},
    type = {Eurandom Report},
    author = {Schoutens, W.},
    year = {2001},
    number = {002},
    address = {Eindhoven, Netherlands}
    
}

@techreport{Schoutens2002,
    author = {Schoutens, W.},
    title = {Meixner Processes: Theory and Applications in Finance},
    year = 2002,
    type = {Eurandom Report},
    number = {2002-004},
    institution = {Eindhoven},
    address = {Eindhoven, Netherlands}
}

@book{Bessel1824,
    author = {Bessel, F.},
    title = {Untersuchung des Theils der planetarischen Störungen},
    year = 1824,
    publisher = {Berlin Abhandlungen}
    }

@article{Cramer1928,
    title = {On the Composition of Elementary Errors},
    author = {Cram\'er, H. and von Mises, R. E.},
    year = 1928,
    journal = {Scandinavian Actuarial Journal},
    number = 1,
    pages = {13-74}
    }

@manual{Copula,
    author = {Hofert, M. and Kojadinovic, I. and Maechler, M. and Yan, J.},
    title = {Copula: Multivariate Dependence with Copulas},
    year = 2017,
    url = {https://cran.r-project.org/package=copula}
    }

@article{Koj2010,
    author = {Kojadinovic, I. and Yan, J.},
    title = {Comparison of three semiparametric methods for estimating dependence parameters in copula models},
    journal = {Insurance: Mathematics and Economics},
    volume = 47,
    pages = {52–63},
    year = 2010
    }

@article{Gen2009,
    author = {Genest, C. and R\'emillard, B. and Beaudoin, D.},
    title = {Goodness-of-fit tests for copulas: A review and a power study},
    journal = {Insurance: Mathematics and Economics},
    volume = 44,
    pages = {199–214},
    year = 2009
    }

@misc{Klup2017,
    title = {Vine Copula Models},
    author = {Kl{\"u}ppelberg, C. and Czado, C.},
    url = {http://www.statistics.ma.tum.de/en/research/vine-copula-models},
    year = 2017
    }

@phdthesis{Bel2010,
    title = {Selecting pair-copula families for regular vines with application to the multivariate analysis of European stock market indices},
    author = {Belgorodski, N.},
    type = {Diploma thesis},
    school  = {Technische Universitaet Muenchen},
    year = 2010,
    url = {http://mediatum.ub.tum.de/?id=1079284}
    }

@article{Clarke2007,
    title = {A Simple Distribution-Free Test for Nonnested Model Selection},
    author = {Clarke, K.A.},
    journal = {Political Analysis},
    volume = 15,
    pages = {347–363},
    year = 2007
    }

@article{Vuong1989,
    author = {Vuong, Q. H.},
    title = {Ratio tests for model selection and non-nested hypotheses},
    journal = {Econometrica},
    volume = 57,
    number = 2,
    year = 1989,
    pages = {307–333}
    }

@techreport{Emb2001,
    author = {Embrechts, Paul  and Lindskog, Filip  and McNeil, Alexander },
    title = {Modelling Dependence with Copulas and Applications to Risk Management},
    year = 2001,
    institution = {Z{\"u}rich, Switzerland}
    }

@article{Bedfort2002,
    author = {Bedford, T. and Cooke, R.M.},
    title = {Vines – a new graphical model for dependent random variables},
    journal = {Annals of Statistics},
    year = 2002,
    volume = 30,
    number = 4,
    pages = {1031–1068}
    }

@book{Diestel2005,
    author = {Diestel, R.},
    title = {Graph Theory (Graduate Texts in Mathematics)},
    year = 2005,
    publisher = {Springer}
    }

@inbook{Czado2010,
    author = {Czado, C.},
    title = {Pair-copula constructions of multivariate copulas},
    booktitle = {Copula theory and its applications},
    publisher = {Springer},
    year = 2010,
    pages = {93–109}
    }

@article{White1982,
    author = {White, H.},
    title = {Maximum likelihood estimation of misspecified models},
    journal = {Econometrica},
    year = 1982,
    volume = 50,
    pages = {1–26}
    }

@article{Schep15,
    author = {Schepsmeier, U.},
    title = {Efficient information based goodness-of-fit tests for vine copula models with fixed margins},
    journal = {Journal of Multivariate Analysis},
    year = 2015,
    volume = 138,
    pages = {34–52}
    }

@article{Huang11,
    title = {A goodness-of-fit test for copulas},
    author = {Huang, W. and Prokhorov, A.},
    journal = {Econometric Reviews},
    year = 2014,
    pages = {751--771},
    volume = 33,
    number =7,
    }
    

@article{Rock2000,
    author = {Rockafellar, R. Tyrrell and Uryasev, Stanislav},
    title = {Optimization of conditional value-at-risk},
    journal = {Journal of Risk},
    year = 2000,
    volume = 2,
    number = 3,
    pages = {21-–41}
    }

@techreport{wnc04,
    author = {Wei Ning Cho},
    title = {Robust Portfolio Optimization Using Conditional Value At Risk},
    year = 2008,
    type = {Final Report},
    institution = {Imperial College London},
    publisher = {Department of Computing}
    }

@article{Kupiec95,
    author = {Paul H. Kupiec},
    title = {Techniques for verifying the accuracy of risk measurement models},
    year = 1995,
    journal = {Journal of Derivatives},
    volume = 3,
    number = 2,
    pages = {73--84}
    }